%% This BibTeX bibliography file was created using BibDesk.
%% http://bibdesk.sourceforge.net/


%% Created for Gregor May at 2014-08-18 18:16:48 +0200 


%% Saved with string encoding Unicode (UTF-8) 



@book{Keynes2011,
	Author = {John Maynard Keynes},
	Date-Added = {2014-08-18 15:29:16 +0000},
	Date-Modified = {2014-08-18 15:31:17 +0000},
	Publisher = {Duncker & Humblot},
	Rating = {1},
	Read = {0},
	Title = {Das Ende des Laissez-Faire},
	Year = {2011}}
